@inproceedings{tianxing2016,
  title={Entity Linking in Web Tables with Multiple Linked Knowledge Bases},
  author={Tianxing Wu, Shengjia Yan, Zhixin Piao, Liang Xu, Ruiming Wang, Guilin Qi},
  booktitle={Proceedings of the 6th Joint International Semantic Technology Conference (JIST 2016)},
  pages={249--263},
  year={2016}
}
@inproceedings{niu2011zhishi,
  title={Zhishi. me-weaving chinese linking open data},
  author={Niu, Xing and Sun, Xinruo and Wang, Haofen and Rong, Shu and Qi, Guilin and Yu, Yong},
  booktitle={ISWC},
  pages={205--220},
  year={2011}
}
@inproceedings{hignette2009fuzzy,
  title={Fuzzy annotation of web data tables driven by a domain ontology},
  author={Hignette, Ga{\"e}lle and Buche, Patrice and Dibie-Barth{\'e}lemy, Juliette and Haemmerl{\'e}, Ollivier},
  booktitle={ESWC},
  pages={638--653},
  year={2009}
}
@article{limaye2010annotating,
  title={Annotating and searching web tables using entities, types and relationships},
  author={Limaye, Girija and Sarawagi, Sunita and Chakrabarti, Soumen},
  journal={PVLDB},
  volume={3},
  number={1-2},
  pages={1338--1347},
  year={2010}
}
@inproceedings{syed2010exploiting,
  title={Exploiting a web of semantic data for interpreting tables},
  author={Syed, Zareen and Finin, Tim and Mulwad, Varish and Joshi, Anupam},
  booktitle={WebSci},
  volume={5},
  year={2010}
}
@article{venetis2011recovering,
  title={Recovering semantics of tables on the web},
  author={Venetis, Petros and Halevy, Alon and Madhavan, Jayant and Pa{\c{s}}ca, Marius and Shen, Warren and Wu, Fei and Miao, Gengxin and Wu, Chung},
  journal={PVLDB},
  volume={4},
  number={9},
  pages={528--538},
  year={2011}
}
@inproceedings{mulwad2013semantic,
  title={Semantic message passing for generating linked data from tables},
  author={Mulwad, Varish and Finin, Tim and Joshi, Anupam},
  booktitle={ISWC},
  pages={363--378},
  year={2013}
}
@inproceedings{munoz2014using,
  title={Using linked data to mine RDF from wikipedia's tables},
  author={Mu{\~n}oz, Emir and Hogan, Aidan and Mileo, Alessandra},
  booktitle={WSDM},
  pages={533--542},
  year={2014}
}
@inproceedings{zhang2014learning,
  title={Learning with partial data for semantic table interpretation},
  author={Zhang, Ziqi},
  booktitle={EKAW},
  pages={607--618},
  year={2014}
}
@inproceedings{zhang2014towards,
  title={Towards efficient and effective semantic table interpretation},
  author={Zhang, Ziqi},
  booktitle={ISWC},
  pages={487--502},
  year={2014}
}
@inproceedings{bhagavatula2015tabel,
  title={TabEL: Entity Linking in Web Tables},
  author={Bhagavatula, Chandra Sekhar and Noraset, Thanapon and Downey, Doug},
  booktitle={ISWC},
  pages={425--441},
  year={2015}
}
@inproceedings{shen2012liege,
  title={LIEGE:: link entities in web lists with knowledge base},
  author={Shen, Wei and Wang, Jianyong and Luo, Ping and Wang, Min},
  booktitle={SIGKDD},
  pages={1424--1432},
  year={2012}
}

@inproceedings{pereira2014entity,
  title={Entity linking with multiple knowledge bases: An ontology modularization approach},
  author={Pereira, Bianca},
  booktitle={ISWC},
  pages={513--520},
  year={2014}
}
@article{cafarella2008webtables,
  title={Webtables: exploring the power of tables on the web},
  author={Cafarella, Michael J and Halevy, Alon and Wang, Daisy Zhe and Wu, Eugene and Zhang, Yang},
  journal={PVLDB},
  volume={1},
  number={1},
  pages={538--549},
  year={2008}
}
@article{brin2012reprint,
  title={Reprint of: The anatomy of a large-scale hypertextual web search engine},
  author={Brin, Sergey and Page, Lawrence},
  journal={Computer networks},
  volume={56},
  number={18},
  pages={3825--3833},
  year={2012}
}
@inproceedings{suchanek2007yago,
  title={Yago: a core of semantic knowledge},
  author={Suchanek, Fabian M and Kasneci, Gjergji and Weikum, Gerhard},
  booktitle={WWW},
  pages={697--706},
  year={2007}
}
@article{suchanek2008yago,
  title={Yago: A large ontology from wikipedia and wordnet},
  author={Suchanek, Fabian M and Kasneci, Gjergji and Weikum, Gerhard},
  journal={Web Semantics: Science, Services and Agents on the World Wide Web},
  volume={6},
  number={3},
  pages={203--217},
  year={2008}
}
@inproceedings{auer2007dbpedia,
  title={Dbpedia: A nucleus for a web of open data},
  author={Auer, S{\"o}ren and Bizer, Christian and Kobilarov, Georgi and Lehmann, Jens and Cyganiak, Richard and Ives, Zachary},
  booktitle={ISWC},
  pages={722--735},
  year={2007}
}
@article{bizer2009dbpedia,
  title={DBpedia-A crystallization point for the Web of Data},
  author={Bizer, Christian and Lehmann, Jens and Kobilarov, Georgi and Auer, S{\"o}ren and Becker, Christian and Cyganiak, Richard and Hellmann, Sebastian},
  journal={Web Semantics: science, services and agents on the world wide web},
  volume={7},
  number={3},
  pages={154--165},
  year={2009}
}
@inproceedings{bollacker2008freebase,
  title={Freebase: a collaboratively created graph database for structuring human knowledge},
  author={Bollacker, Kurt and Evans, Colin and Paritosh, Praveen and Sturge, Tim and Taylor, Jamie},
  booktitle={SIGMOD},
  pages={1247--1250},
  year={2008}
}
@inproceedings{navigli2010babelnet,
  title={BabelNet: Building a very large multilingual semantic network},
  author={Navigli, Roberto and Ponzetto, Simone Paolo},
  booktitle={ACL},
  pages={216--225},
  year={2010}
}
@article{fernandez2014we,
  title={Do we need hundreds of classifiers to solve real world classification problems?},
  author={Fern{\'a}ndez-Delgado, Manuel and Cernadas, Eva and Barro, Sen{\'e}n and Amorim, Dinani},
  journal={The Journal of Machine Learning Research},
  volume={15},
  number={1},
  pages={3133--3181},
  year={2014}
}
@incollection{craswell2009mean,
  title={Mean reciprocal rank},
  author={Craswell, Nick},
  booktitle={Encyclopedia of Database Systems},
  pages={1703--1703},
  year={2009},
  publisher={Springer}
}
@article{berners2001,
  title={The semantic web},
  author={T. Berners-Lee, J. Hendler, O. Lassila},
  journal={Scientific American},
  year={2001}
}
@inproceedings{shen2012ontology,
  title={A graph-based approach for ontology population with named entities},
  author={W. Shen, J. Wang, P. Luo, M. Wang},
  booktitle={CIKM},
  pages={345–-354},
  year={2012}
}
@inproceedings{ling2012,
  title={Fine-grained entity recognition},
  author={X. Ling, D. S. Weld},
  booktitle={AAAI},
  year={2012}
}
@inproceedings{zhang2013cross,
  title={Wu C, Wang H, Qu J, Yu Y},
  author={T. Zhang, K. Liu, J. Zhao},
  booktitle={IJCAI},
  pages={2218–-2224},
  year={2013}
}
@inproceedings{zhang2013zhishilink,
  title={ZhishiLink: Entity Linking on Zhishi.me},
  author={T. Zhang, K. Liu, J. Zhao},
  booktitle={Proceedings of the 7th CSWS},
  pages={161--174},
  year={2013}
}
@inproceedings{dredze2010entity,
  title={Entity Disambiguation for Knowledge Base Population},
  author={Dredze M, McNamee P, Rao D, Gerber A, Finin T},
  booktitle={Proceedings of the 23rd International Conference on Computational Linguistics},
  pages={277--285},
  year={2010}
}






